<record><leader>00000cas a22000007a 4500</leader><controlfield tag="001">45904944</controlfield><controlfield tag="008">010213c20009999mauwr n       0   a0eng c</controlfield><datafield ind1=" " ind2=" " tag="010"><subfield code="a">  2001211564</subfield></datafield><datafield ind1=" " ind2=" " tag="040"><subfield code="a">NSD</subfield><subfield code="b">eng</subfield><subfield code="c">NSD</subfield><subfield code="d">OCLCQ</subfield></datafield><datafield ind1=" " ind2=" " tag="012"><subfield code="m">1</subfield></datafield><datafield ind1="1" ind2=" " tag="022"><subfield code="a">1533-8282</subfield><subfield code="l">1533-8282</subfield><subfield code="2">1</subfield></datafield><datafield ind1=" " ind2=" " tag="032"><subfield code="a">528250</subfield><subfield code="b">USPS</subfield></datafield><datafield ind1=" " ind2=" " tag="042"><subfield code="a">nsdp</subfield><subfield code="a">msc</subfield></datafield><datafield ind1="0" ind2=" " tag="130"><subfield code="a">Villager (Farmingham, Mass.)</subfield></datafield><datafield ind1=" " ind2="0" tag="222"><subfield code="a">Villager</subfield><subfield code="b">(Farmingham, Mass.)</subfield></datafield><datafield ind1="1" ind2="0" tag="245"><subfield code="a">Villager.</subfield></datafield><datafield ind1=" " ind2=" " tag="260"><subfield code="a">Farmingham, Mass. :</subfield><subfield code="b">Community Newspaper Co.</subfield></datafield><datafield ind1=" " ind2=" " tag="300"><subfield code="a">v.</subfield></datafield><datafield ind1=" " ind2=" " tag="310"><subfield code="a">Weekly</subfield></datafield><datafield ind1=" " ind2=" " tag="588"><subfield code="a">Description based on: Vol. 2, no. 13 (Jan. 12, 2001).</subfield></datafield><datafield ind1="0" ind2="0" tag="780"><subfield code="t">Southborough villager</subfield><subfield code="x">1082-2305</subfield><subfield code="w">(DLC)sn 91057009</subfield></datafield><datafield ind1="1" ind2=" " tag="029"><subfield code="a">AU@</subfield><subfield code="b">000022295386</subfield></datafield></record>